@inproceedings{Majo:2011:MMN:1993478.1993481,
 author = {Majo, Zoltan and Gross, Thomas R.},
 title = {Memory Management in NUMA Multicore Systems: Trapped Between Cache Contention and Interconnect Overhead},
 booktitle = {Proceedings of the International Symposium on Memory Management},
 series = {ISMM '11},
 year = {2011},
 isbn = {978-1-4503-0263-0},
 location = {San Jose, California, USA},
 pages = {11--20},
 numpages = {10},
 url = {http://doi.acm.org/10.1145/1993478.1993481},
 doi = {10.1145/1993478.1993481},
 acmid = {1993481},
 publisher = {ACM},
 address = {New York, NY, USA},
 keywords = {memory allocation, multicore processors, numa, shared resource contention},
}
